<record><leader>00000cas a22000007a 4500</leader><controlfield tag="001">17629102</controlfield><controlfield tag="008">880315d19191921nyudn ne      0    0eng d</controlfield><datafield ind1=" " ind2=" " tag="010"><subfield code="a">sn 88075669 </subfield></datafield><datafield ind1=" " ind2=" " tag="040"><subfield code="a">NYG</subfield><subfield code="b">eng</subfield><subfield code="c">NYG</subfield><subfield code="d">NYS</subfield><subfield code="d">OCLCQ</subfield></datafield><datafield ind1=" " ind2=" " tag="042"><subfield code="a">msc</subfield></datafield><datafield ind1="0" ind2=" " tag="130"><subfield code="a">Cortland standard and Homer Republican (Cortland, N.Y. : Daily)</subfield></datafield><datafield ind1="1" ind2="0" tag="245"><subfield code="a">Cortland standard and Homer Republican.</subfield></datafield><datafield ind1=" " ind2=" " tag="260"><subfield code="a">Cortland, N.Y. :</subfield><subfield code="b">Cortland Standard Print.</subfield></datafield><datafield ind1=" " ind2=" " tag="300"><subfield code="a">v.</subfield></datafield><datafield ind1=" " ind2=" " tag="310"><subfield code="a">Daily (except Sunday and holidays)</subfield></datafield><datafield ind1="0" ind2=" " tag="362"><subfield code="a">No. 55 (Mar. 6, 1919)-no. 78 (Apr. 2, 1921).</subfield></datafield><datafield ind1=" " ind2="4" tag="651"><subfield code="a">Cortland (N.Y.)</subfield><subfield code="v">Newspapers.</subfield></datafield><datafield ind1=" " ind2=" " tag="752"><subfield code="a">United States</subfield><subfield code="b">New York</subfield><subfield code="c">Cortland</subfield><subfield code="d">Cortland.</subfield></datafield><datafield ind1="0" ind2=" " tag="775"><subfield code="t">Cortland standard and Homer Republican (Cortland, N.Y. : Weekly)</subfield><subfield code="w">(DLC)sn 91066113</subfield></datafield><datafield ind1="0" ind2="0" tag="780"><subfield code="t">Cortland standard (Cortland, N.Y. : 1893)</subfield><subfield code="w">(DLC)sn 91066331</subfield><subfield code="w">(OCoLC)23966844</subfield></datafield><datafield ind1="0" ind2="0" tag="785"><subfield code="t">Cortland standard (Cortland, N.Y. : 1921)</subfield><subfield code="w">(DLC)sn 88075668</subfield></datafield><datafield ind1="1" ind2=" " tag="029"><subfield code="a">AU@</subfield><subfield code="b">000025833831</subfield></datafield></record>